<?xml version="1.0" encoding="UTF-8"?><record xmlns="http://www.loc.gov/MARC21/slim" xmlns:cinclude="http://apache.org/cocoon/include/1.0" xmlns:zs="http://www.loc.gov/zing/srw/">
  <leader>00335cz  a2200121n  4500</leader>
  <controlfield tag="001">n  92071921 </controlfield>
  <controlfield tag="003">DLC</controlfield>
  <controlfield tag="005">19920716110341.9</controlfield>
  <controlfield tag="008">920715n| acannaab|          |n aaa |||  </controlfield>
  <datafield tag="010" ind1=" " ind2=" ">
    <subfield code="a">n  92071921 </subfield>
  </datafield>
  <datafield tag="040" ind1=" " ind2=" ">
    <subfield code="a">DLC</subfield>
    <subfield code="c">DLC</subfield>
    <subfield code="d">DLC</subfield>
  </datafield>
  <datafield tag="100" ind1="1" ind2="0">
    <subfield code="a">Stoltzfus, Brenda</subfield>
  </datafield>
  <datafield tag="670" ind1=" " ind2=" ">
    <subfield code="a">Sturdevant, S.P. Let the good times roll, 1993:</subfield>
    <subfield code="b">CIP t.p. (Brenda Stoltzfus)</subfield>
  </datafield>
</record>